@article{,
	author =       "",
	title =        "",
	journal =      "Báo cáo", 
	year =         "",	
	volume =       "",
	number =       "",
	pages =        ""
}

@book{,
	author    = "",
	title     = "",
	year      = "",
	publisher = "",
	address   = ""
}

@misc{,
	author    = "",
	title     = "",
	month     = "",
	year      = "",
	howpublished = "\url{http://}"
}
